%% This BibTeX bibliography file was created using BibDesk.
%% http://bibdesk.sourceforge.net/

%% Created for Aqel at 2017-02-23 22:41:05 +0530 


%% Saved with string encoding Unicode (UTF-8) 



@article{paper:evaporation,
	Author = {Ledesma-Aguilar, Rodrigo and Vella, Dominic and Yeomans, Julia M.},
	Date-Added = {2017-02-23 16:59:59 +0000},
	Date-Modified = {2017-02-23 17:11:02 +0000},
	Journal = {Soft Matter},
	Number = {41},
	Pages = {8267-8275},
	Title = {Lattice-Boltzmann simulations of droplet evaporation. },
	Volume = {10},
	Year = {2014}}

@article{paper:contact_angle,
	Author = {Lei Wang, Hai-bo Huang, and Xi-Yun Lu},
	Date-Added = {2017-02-23 16:39:16 +0000},
	Date-Modified = {2017-02-23 16:39:48 +0000},
	Journal = {Phys. Rev. E 87, 013301},
	Title = {Scheme for contact angle and its hysteresis in a multiphase lattice Boltzmann method},
	Year = {2013}}

@article{paper:bounce_back,
	Author = {A. J. C. LaddR. Verberg},
	Date-Added = {2017-02-23 16:26:41 +0000},
	Date-Modified = {2017-02-23 16:28:16 +0000},
	Journal = {Journal of Statistical Physics},
	Number = {5},
	Pages = {1191--1251},
	Title = {Lattice-Boltzmann Simulations of Particle-Fluid Suspensions},
	Volume = {104},
	Year = {2001}}

@article{paper:intertial_effects,
	Author = {V. M. Kendon, M. E. Cates, J-C. Desplat, I. Pagonabarraga, P. Bladon},
	Date-Added = {2017-02-23 07:58:16 +0000},
	Date-Modified = {2017-02-23 08:02:40 +0000},
	Journal = {J. Fluid Mech. 440 (2001) 147-203},
	Title = {Inertial effects in three dimensional spinodal decomposition of a symmetric binary fluid mixture: A lattice Boltzmann study},
	Year = {2000}}

@article{arXiv:1104.0078,
	Author = {P.T. Sumesh, Ignacio Pagonabarraga, and R. Adhikari},
	Date-Added = {2017-02-22 21:44:12 +0000},
	Date-Modified = {2017-02-22 21:58:15 +0000},
	Journal = {Phys. Rev. E 84, 046709 (2011)},
	Title = {Lattice Boltzmann - Langevin simulations of binary mixtures},
	Year = {2011}}

@article{paper:geometrical_contact_anngle,
	author = {Qinjun Kang and Dongxiao Zhang and Shiyi Chen},
	title = {Displacement of a two-dimensional immiscible droplet in a channel},
	journal = {Physics of Fluids},
	volume = {14},
	number = {9},
	pages = {3203-3214},
	year = {2002},
	doi = {10.1063/1.1499125},
	
	URL = { 
	http://dx.doi.org/10.1063/1.1499125
	
	},
	eprint = { 
	http://dx.doi.org/10.1063/1.1499125
	
	}
	
}
